@inproceedings{exposehk,
  author = {Malacria, Sylvain and Bailly, Gilles and Harrison, Joel and Cockburn, Andy and Gutwin, Carl},
  title = {Promoting Hotkey Use through Rehearsal with ExposeHK},
  year = {2013},
  isbn = {9781450318990},
  publisher = {Association for Computing Machinery},
  address = {New York, NY, USA},
  url = {https://doi.org/10.1145/2470654.2470735},
  doi = {10.1145/2470654.2470735},
  booktitle = {Proceedings of the SIGCHI Conference on Human Factors in Computing Systems},
  pages = {573–582},
  numpages = {10},
  keywords = {menus, keyboard shortcuts, rehearsal, command selection, novice mode, hotkeys, expert mode},
  location = {Paris, France},
  series = {CHI ’13}
}

@inproceedings{hotstrokes,
  author = {Cui, Wenzhe and Zheng, Jingjie and Lewis, Blaine and Vogel, Daniel and Bi, Xiaojun},
  title = {HotStrokes: Word-Gesture Shortcuts on a Trackpad},
  year = {2019},
  isbn = {9781450359702},
  publisher = {Association for Computing Machinery},
  address = {New York, NY, USA},
  url = {https://doi.org/10.1145/3290605.3300395},
  doi = {10.1145/3290605.3300395},
  booktitle = {Proceedings of the 2019 CHI Conference on Human Factors in Computing Systems},
  articleno = {Paper 165},
  numpages = {13},
  keywords = {touch, gesture, laptop computers, desktop, input techniques},
  location = {Glasgow, Scotland Uk},
  series = {CHI ’19}
}

@inproceedings{fingerarcandfinderchord,
  author = {Zheng, Jingjie and Lewis, Blaine and Avery, Jeff and Vogel, Daniel},
  title = {FingerArc and FingerChord: Supporting Novice to Expert Transitions with Guided Finger-Aware Shortcuts},
  year = {2018},
  isbn = {9781450359481},
  publisher = {Association for Computing Machinery},
  address = {New York, NY, USA},
  url = {https://doi.org/10.1145/3242587.3242589},
  doi = {10.1145/3242587.3242589},
  booktitle = {Proceedings of the 31st Annual ACM Symposium on User Interface Software and Technology},
  pages = {347–363},
  numpages = {17},
  keywords = {keyboard shortcuts, finger identification},
  location = {Berlin, Germany},
  series = {UIST ’18}
}

@inproceedings{iconhk,
  author = {Giannisakis, Emmanouil and Bailly, Gilles and Malacria, Sylvain and Chevalier, Fanny},
  title = {IconHK: Using Toolbar Button Icons to Communicate Keyboard Shortcuts},
  year = {2017},
  isbn = {9781450346559},
  publisher = {Association for Computing Machinery},
  address = {New York, NY, USA},
  url = {https://doi.org/10.1145/3025453.3025595},
  doi = {10.1145/3025453.3025595},
  booktitle = {Proceedings of the 2017 CHI Conference on Human Factors in Computing Systems},
  pages = {4715–4726},
  numpages = {12},
  keywords = {gui design, keyboard shortcuts, hotkeys, icons},
  location = {Denver, Colorado, USA},
  series = {CHI ’17}
}

@inproceedings{falcon,
  author = {Tingxin Yan, David Chu and Deepak Ganesan, Aman Kansal and Jie Liu},
  title = {Fast app launching for mobile devices using predictive user context},
  year = {2012},
  isbn = {9781450313018},
  publisher = {Association for Computing Machinery},
  address = {New York, NY, USA},
  url = {https://doi.org/10.1145/2307636.2307648},
  doi = {10.1145/2307636.2307648},
  booktitle = {Proceedings of the 10th international conference on Mobile systems, applications, and services},
  pages = {113–126},
  numpages = {14},
  keywords = {Mobile device, Context, Location, Application prediction},
  location = {Low Wood Bay Lake District UK},
  series = {MobiSys '12}
}

@misc{wikilauncher,
author = {},
title = {ランチャー - Wikipedia},
howpublished = {\url{https://ja.wikipedia.org/wiki/ランチャー#コンピュータ}},
}

@misc{onedisplay,
author = {},
title = {macOSでディスプレイ1枚で作業する技術},
howpublished = {\url{https://qiita.com/saboyutaka/items/d6cfd2a2b60f1a374d60}},
}